
%%%%%% DDDDDD
@ARTICLE{dalal2002a,
       author = {{Dalal}, N. and {Kochanek}, C.~S.},
        title = "{Direct Detection of Cold Dark Matter Substructure}",
      journal = {\apj},
     keywords = {Cosmology: Theory, Cosmology: Dark Matter, Galaxies: Formation, Cosmology: Gravitational Lensing, Cosmology: Large-Scale Structure of Universe, Astrophysics},
         year = 2002,
        month = jun,
       volume = {572},
       number = {1},
        pages = {25-33},
          doi = {10.1086/340303},
archivePrefix = {arXiv},
       eprint = {astro-ph/0111456},
 primaryClass = {astro-ph},
       adsurl = {https://ui.adsabs.harvard.edu/abs/2002ApJ...572...25D},
      adsnote = {Provided by the SAO/NASA Astrophysics Data System}
}

%%%%%% HHHHHH
@ARTICLE{hezaveh2013a,
       author = {{Hezaveh}, Y.~D. and {Marrone}, D.~P. and {Fassnacht}, C.~D. and {Spilker}, J.~S. and {Vieira}, J.~D. and {Aguirre}, J.~E. and {Aird}, K.~A. and {Aravena}, M. and {Ashby}, M.~L.~N. and {Bayliss}, M. and {Benson}, B.~A. and {Bleem}, L.~E. and {Bothwell}, M. and {Brodwin}, M. and {Carlstrom}, J.~E. and {Chang}, C.~L. and {Chapman}, S.~C. and {Crawford}, T.~M. and {Crites}, A.~T. and {De Breuck}, C. and {de Haan}, T. and {Dobbs}, M.~A. and {Fomalont}, E.~B. and {George}, E.~M. and{Gladders}, M.~D. and {Gonzalez}, A.~H. and {Greve}, T.~R. and {Halverson}, N.~W. and {High}, F.~W. and {Holder}, G.~P. and {Holzapfel}, W.~L. and {Hoover}, S. and {Hrubes}, J.~D. and {Husband}, K. and {Hunter}, T.~R. and {Keisler}, R. and {Lee}, A.~T. and {Leitch}, E.~M. and {Lueker}, M. and {Luong-Van}, D. and {Malkan}, M. and {McIntyre}, V. and {McMahon}, J.~J. and {Mehl}, J. and {Menten}, K.~M. and {Meyer}, S.~S. and {Mocanu}, L.~M. and {Murphy}, E.~J. and {Natoli}, T. and {Padin}, S. and {Plagge}, T. and {Reichardt}, C.~L. and {Rest}, A. and {Ruel}, J. and {Ruhl}, J.~E. and {Sharon}, K. and {Schaffer}, K.~K. and {Shaw}, L. and {Shirokoff}, E. and {Stalder}, B. and {Staniszewski}, Z. and {Stark}, A.~A. and {Story}, K. and {Vanderlinde}, K. and {Wei{\ss}}, A. and {Welikala}, N. and {Williamson}, R.},
        title = "{ALMA Observations of SPT-discovered, Strongly Lensed, Dusty, Star-forming Galaxies}",
      journal = {\apj},
     keywords = {galaxies: high-redshift, galaxies: starburst, gravitational lensing: strong, techniques: interferometric, Astrophysics - Cosmology and Nongalactic Astrophysics},
         year = 2013,
        month = apr,
       volume = {767},
       number = {2},
          eid = {132},
        pages = {132},
          doi = {10.1088/0004-637X/767/2/132},
archivePrefix = {arXiv},
       eprint = {1303.2722},
 primaryClass = {astro-ph.CO},
       adsurl = {https://ui.adsabs.harvard.edu/abs/2013ApJ...767..132H},
      adsnote = {Provided by the SAO/NASA Astrophysics Data System}
}

%%%%%% MMMMMM
@ARTICLE{mao1998a,
       author = {{Mao}, Shude and {Schneider}, Peter},
        title = "{Evidence for substructure in lens galaxies?}",
      journal = {\mnras},
     keywords = {Gravitational Lenses, Galactic Structure, Quasars, Astronomical Models, Parameterization, Flux (Rate), Astrophysics, QUASARS: GENERAL, GALAXIES: STRUCTURE, GRAVITATIONAL LENSING, Astrophysics},
         year = 1998,
        month = apr,
       volume = {295},
       number = {3},
        pages = {587-594},
          doi = {10.1046/j.1365-8711.1998.01319.x},
archivePrefix = {arXiv},
       eprint = {astro-ph/9707187},
 primaryClass = {astro-ph},
       adsurl = {https://ui.adsabs.harvard.edu/abs/1998MNRAS.295..587M},
      adsnote = {Provided by the SAO/NASA Astrophysics Data System}
}
@ARTICLE{metcalf2001a,
       author = {{Metcalf}, R. Benton and {Madau}, Piero},
        title = "{Compound Gravitational Lensing as a Probe of Dark Matter Substructure within Galaxy Halos}",
      journal = {\apj},
     keywords = {Cosmology: Theory, Cosmology: Dark Matter, Galaxies: Formation, Cosmology: Gravitational Lensing, Astrophysics},
         year = 2001,
        month = dec,
       volume = {563},
       number = {1},
        pages = {9-20},
          doi = {10.1086/323695},
archivePrefix = {arXiv},
       eprint = {astro-ph/0108224},
 primaryClass = {astro-ph},
       adsurl = {https://ui.adsabs.harvard.edu/abs/2001ApJ...563....9M},
      adsnote = {Provided by the SAO/NASA Astrophysics Data System}
}
@ARTICLE{metcalf2002a,
       author = {{Metcalf}, R. Benton and {Zhao}, HongSheng},
        title = "{Flux Ratios as a Probe of Dark Substructures in Quadruple-Image Gravitational Lenses}",
      journal = {\apjl},
     keywords = {Cosmology: Theory, Cosmology: Dark Matter, Galaxies: Formation, Cosmology: Gravitational Lensing, Astrophysics},
         year = 2002,
        month = mar,
       volume = {567},
       number = {1},
        pages = {L5-L8},
          doi = {10.1086/339798},
archivePrefix = {arXiv},
       eprint = {astro-ph/0111427},
 primaryClass = {astro-ph},
       adsurl = {https://ui.adsabs.harvard.edu/abs/2002ApJ...567L...5M},
      adsnote = {Provided by the SAO/NASA Astrophysics Data System}
}

%%%%%% OOOOOO
@ARTICLE{oguri2010a,
       author = {{Oguri}, Masamune and {Marshall}, Philip J.},
        title = "{Gravitationally lensed quasars and supernovae in future wide-field optical imaging surveys}",
      journal = {\mnras},
     keywords = {gravitational lensing: strong, cosmological parameters, cosmology: theory, Astrophysics - Cosmology and Nongalactic Astrophysics},
         year = 2010,
        month = jul,
       volume = {405},
       number = {4},
        pages = {2579-2593},
          doi = {10.1111/j.1365-2966.2010.16639.x},
archivePrefix = {arXiv},
       eprint = {1001.2037},
 primaryClass = {astro-ph.CO},
       adsurl = {https://ui.adsabs.harvard.edu/abs/2010MNRAS.405.2579O},
      adsnote = {Provided by the SAO/NASA Astrophysics Data System}
}

%%%%%% VVVVVV
@ARTICLE{vegetti2009a,
       author = {{Vegetti}, S. and {Koopmans}, L.~V.~E.},
        title = "{Bayesian strong gravitational-lens modelling on adaptive grids: objective detection of mass substructure in Galaxies}",
      journal = {\mnras},
     keywords = {gravitational lensing, galaxies: haloes, galaxies: structure, dark matter, Astrophysics},
         year = 2009,
        month = jan,
       volume = {392},
       number = {3},
        pages = {945-963},
          doi = {10.1111/j.1365-2966.2008.14005.x},
archivePrefix = {arXiv},
       eprint = {0805.0201},
 primaryClass = {astro-ph},
       adsurl = {https://ui.adsabs.harvard.edu/abs/2009MNRAS.392..945V},
      adsnote = {Provided by the SAO/NASA Astrophysics Data System}
}
@ARTICLE{vegetti2012a,
       author = {{Vegetti}, S. and {Lagattuta}, D.~J. and {McKean}, J.~P. and {Auger}, M.~W. and {Fassnacht}, C.~D. and {Koopmans}, L.~V.~E.},
        title = "{Gravitational detection of a low-mass dark satellite galaxy at cosmological distance}",
      journal = {\nat},
     keywords = {Astrophysics - Cosmology and Nongalactic Astrophysics},
         year = 2012,
        month = jan,
       volume = {481},
       number = {7381},
        pages = {341-343},
          doi = {10.1038/nature10669},
archivePrefix = {arXiv},
       eprint = {1201.3643},
 primaryClass = {astro-ph.CO},
       adsurl = {https://ui.adsabs.harvard.edu/abs/2012Natur.481..341V},
      adsnote = {Provided by the SAO/NASA Astrophysics Data System}
}